@book{franchi2008,
    title={Acionamentos elétricos},
    author={FRANCHI, C.M.},
    year={2008},
    publisher={Saraiva Educa{\c{c}}{\~a}o S.A.}
}

@online{bluelux,
    title = {Contatores - O que são e para que servem},
    url={https://www.bluelux.com.br/contatores-o-que-sao-e-para-que-servem/},
    note = {Acesso em: 16 mar. 2023}
}

@thesis{author2023title,
    author={Author Name},
    title={Title of the Thesis},
    year={2023},
    school={Curso de Engenharia Elétrica, Universidade Estadual do Oeste do Paraná - Unioeste},
    type={Trabalho de Conclusão de Curso}
}